2980 4440
798 92 853 158 xu

323 305 355 352 ,‚
373 223 615 374 losopltu's
658 241 718 332 et'
745 229 1087 356 orthodoxus,
1122 225 1341 344 'dioensa

323 384 561 530 „Effugis
590 404 784 496 nat-ura
807 421 990 492 'nomen
1006 468 1019 513 ‚
1038 386 1339 530 simulatque

283 591 290 603 ·
322 623 354 671 „
374 543 565 650 dictum
617 584 683 648 ex
738 547 941 650 duabus
973 546 1027 654 ”t
1059 583 1183 652 ¹cum
1220 547 1339 658 „aliis

320 697 667 843 sequentibus,
683 702 943 842 quaeeitat
963 705 1339 848 copioseusque

189 922 190 928 Ν
323 859 386 968 ad
437 859 492 962 S·
550 858 727 964 Basilii
780 864 984 985 verbum
1029 935 1061 985 ‚,
1111 858 1337 994 Duarum

316 1017 706 1126 'substantiarum
747 1014 1083 1158 perfec-tarum
1122 1017 1341 1123 unitio''·

399 1171 544 1279 Idem
568 1173 619 1276 in
643 1171 873 1316 Epistola
891 1173 1134 1308 Synodali
1151 1176 1214 1282 ad
1238 1174 1338 1280 Int-

317 1363 606 1474 peratot·em
626 1331 936 1436 Graecorum
961 1329 1339 1438 Emmanuelem

317 1489 630 1599 Comnenum
669 1485 922 1589 sichabet
962 1495 983 1606 (
1020 1495 1162 1620 juxta
1203 1486 1343 1590 codi-

316 1687 401 1752 ces
442 1665 634 1756 correct
616 1643 881 1767 tiores),‚;
901 1631 1211 1781 Ampliorem
1253 1675 1340 1742 ve·
1376 1745 1380 1754 ,

265 1861 269 1871 ·
317 1873 353 1929 ‚,
373 1841 430 1904 ro
461 1802 750 1906 fidelitatem
790 1789 1089 1900 confession
1094 1834 1118 1897 s
1138 1822 1339 1900 nostrae

300 2001 352 2082 ¹„
374 1952 583 2094 copioso
599 1971 826 2056 sermone
845 1919 995 2052 habet
1012 1988 1225 2056 noscere
1239 1947 1336 2056 tte·-

318 2187 350 2240 „
372 2147 522 2253 gnum
576 2139 795 2212 vestrum
836 2145 918 2210 ex
938 2106 1070 2212 isto
1078 2147 1107 2210 a
1148 2106 1339 2266 Spiritu

316 2347 351 2396 ,‚
372 2285 546 2370 saneto
569 2265 787 2406 aspirato
808 2303 1036 2368 sermone
1071 2263 1233 2370 Patris
1256 2307 1340 2372 no-

316 2425 461 2552 „stri
499 2421 711 2528 Joannis
754 2409 1006 2526 Catholici
1050 2429 1156 2548 (se
1173 2421 1339 2530 Gene-

317 2620 351 2710 ,‘,
372 2581 488 2686 ralis
529 2580 843 2722 patriarchae
861 2587 881 2707 )
899 2638 904 2648 »
921 2615 1072 2716 quem
1131 2615 1338 2688 necesse

317 2736 602 2870 „duximus
643 2736 839 2868 mittere
881 2733 945 2834 ad
984 2769 1074 2837 vos
1118 2745 1213 2864 (ut
1251 2777 1339 2882 pe·

290 2971 352 3026 .,‚
373 2897 517 3002 tierat
536 2891 888 3016 Theorianus)
928 2920 983 2994 ut
1011 2890 1179 2996 sciaris
1221 2933 1340 3001 con·
1445 2931 1464 2968 ⁸

320 3131 355 3184 ‚‚
375 3082 594 3173 stanter,
635 3041 771 3194 quod
789 3074 792 3090 '
813 3084 914 3152 non
955 3084 1086 3156 nunc
1123 3050 1337 3193 primum

318 3287 353 3344 ‚,
360 3205 654 3313 introrlucta
696 3204 788 3311 fuit
830 3204 963 3350 apud
1003 3245 1094 3315 nos
1111 3207 1237 3316 haec
1258 3251 1338 3316 or

293 3366 598 3500 „thodoxa
642 3363 963 3511 professio,
986 3363 1073 3468 sed
1112 3362 1231 3466 ab
1213 3365 1335 3514 1psis
1428 3479 1432 3487 ,

316 3597 354 3700 ,3
376 3522 605 3636 Patribus
636 3518 814 3663 priscis
856 3513 1153 3624 descendit”
1163 3581 1182 3620 .

339 3679 455 3794 ..tS-
467 3677 692 3788 Nierses
732 3671 1153 3823 Latupronensis‘,
1193 3673 1337 3787 Tarsi
