2994 4454
591 185 593 190 .
650 203 652 211 Ι
808 176 869 282 24

341 337 450 412 tam,
474 316 773 422 inconfusamque
795 341 988 397 naturam.
1013 319 1089 392 Nec
1116 315 1272 413 diffiteor
1296 315 1356 393 uti

339 427 532 524 ,loannem
555 433 746 531 aliquando
767 434 997 511 celeberrima
1013 433 1097 524 illa,
1121 454 1267 528 quaeque
1293 443 1356 504 tot

336 543 388 618 ··in
412 544 566 621 Ecclesia
592 547 708 632 turbas
724 547 872 643 movit,
896 571 936 623 ac
953 545 1202 622 contentiones
1229 543 1353 620 dicen-

344 651 404 734 di
421 657 564 754 forma,
589 690 658 736 una
683 671 810 736 natura
837 660 936 738 Verbi
962 661 1153 752 incarnati,
1177 655 1250 733 sive
1283 680 1355 760 unu

339 792 477 846 'natura
498 773 611 848 'Verbi
642 765 843 850 incarnata.
883 776 1018 854 Verum
1043 772 1180 864 optime
1221 781 1358 846 monet

349 887 562 966 clarissimus
587 887 739 982 Editor',
764 885 857 964 nihil
881 889 924 963 de
950 893 1015 966 hac
1040 913 1130 962 voce
1157 884 1350 964 sollicitan-

335 999 436 1104 ndum
463 1001 660 1088 Joannern:
700 1030 784 1079 cum
819 998 931 1077 ideo
965 1027 1073 1077 sensu
1099 998 1352 1093 pronuntiave-

349 1113 420 1210 rit,
446 1141 520 1214 quo
546 1135 627 1190 ante
651 1117 757 1190 illum
798 1115 1064 1194 Alexandrinus
1090 1114 1243 1213 Cyrillus
1271 1136 1351 1189 tum

339 1217 387 1321 in
410 1227 578 1320 Epist'olis
591 1232 636 1304 ad
675 1233 907 1324 successum,
932 1233 1060 1304 tumin
1085 1248 1126 1302 ea
1150 1254 1227 1328 quae
1242 1225 1355 1303 estad

341 1340 547 1436 ⁸Acacium¹
584 1363 662 1418 tum
686 1341 724 1414 in
749 1344 1036 1418 commonitorio
1057 1345 1103 1416 ad
1134 1342 1353 1441 Eulogium,
1381 1434 1383 1442 Ι

351 1474 430 1529 tum
444 1457 482 1528 in
508 1452 605 1528 libris
618 1475 744 1529 contra
753 1455 962 1554 Nestorium
976 1453 1101 1528 iisdem
1119 1456 1236 1529 verbis
1250 1475 1355 1545 pror·
1431 1541 1435 1549 ⁵

335 1595 408 1647 xsus
435 1593 536 1664 usus,
561 1565 783 1643 Catholicam
808 1567 974 1641 adversus
999 1568 1181 1642 haereticos
1206 1587 1357 1642 senten·
1416 1567 1419 1572 ’

336 1683 437 1764 tiam
464 1702 595 1760 tutatus
610 1703 665 1759 est
679 1705 695 1755 .’
715 1682 895 1779 Siquidem
911 1681 1042 1772 duplex
1066 1678 1107 1756 in
1122 1680 1269 1785 Christo
1293 1682 1360 1753 nass

335 1813 430 1888 'tura
455 1797 522 1872 hac
544 1799 730 1873 locutione
768 1793 898 1871 diserte
923 1791 1170 1894 significatur,
1204 1817 1357 1884 tum-ea

349 1933 425 2008 quae
463 1911 657 2008 hominem
696 1907 768 1985 sive
795 1933 941 1985 carnem
977 1912 1015 1984 in
1055 1937 1210 2004 persona
1247 1908 1356 1984 Verbi

351 2025 544 2101 subsistens
569 2023 782 2115 assumpsit,
805 2043 882 2098 tum
908 2023 968 2095 illa
1005 2048 1081 2126 qua
1097 2051 1127 2100 'a
1145 2020 1275 2103 'Verbo
1302 2049 1353 2098 as-

349 2130 489 2227 sumpta
502 2157 577 2226 est:
599 2136 895 2238 tantumdemque
912 2145 1032 2236 valet,
1056 2159 1096 2214 ut
1110 2134 1245 2243 optime
1271 2127 1352 2212 ino

350 2273 412 2328 net
437 2248 624 2350 Peravius,
649 2248 797 2324 Natura
811 2253 911 2331 Verbi
936 2257 1140 2348 incarnata,
1165 2279 1206 2328 dc
1226 2271 1352 2328 natura

354 2365 453 2456 Verbi
466 2385 496 2440 et
511 2364 635 2455 carnis,
649 2369 707 2438 vel
724 2389 797 2436 cum
814 2389 912 2438 carne
926 2353 1110 2460 conjuncta.¹
1122 2367 1216 2443 Hinc
1230 2365 1353 2456 Theo-

345 2481 468 2574 ‚rianus
494 2477 739 2568 Philosophus
763 2475 801 2551 in
816 2477 1056 2569 disputatione
1082 2503 1161 2555 cum
1190 2478 1353 2553 Nlersete

352 2596 615 2671 Armeniorum
663 2588 861 2666 Catholico·
903 2591 1021 2669 habita
1067 2585 1164 2664 anno
1214 2589 1352 2666 Christi

353 2703 571 2799 MCLXIX,
595 2702 677 2780 licet
702 2703 872 2780 eumdem
897 2704 1157 2798 reprehendat,
1182 2703 1352 2802 eoquod

349 2817 501 2892 dixisset
523 2845 627 2894 unam
650 2816 718 2892 e‘sse
743 2819 775 2890 in
786 2817 925 2892 Christo
938 2824 1106 2890 naturam
1118 2813 1216 2893 Verbi
1238 2819 1354 2894 incar-

354 2933 429 3022 nati
453 2929 524 3005 sive
550 2931 786 3023 incarnatam,
810 2929 917 3032 idque
941 2929 1204 3027 Eutychianum
1231 2929 1356 3008 nescio

354 3044 440 3146 quid
475 3069 596 3134 sapere
624 3042 739 3118 dicat:
770 3040 998 3120 Catholicum
1034 3061 1156 3127 tamen
1184 3035 1259 3121 esse
1285 3043 1357 3137 ait,

356 3155 643 3233 omissafflrrisri
664 3184 754 3234 voce
781 3182 935 3232 asserere
960 3185 1063 3234 unam
1091 3183 1158 3242 esse
1185 3157 1281 3235 Verbi
1306 3159 1354 3230 in-

255 3280 261 3290 '
354 3271 489 3346 carnari
504 3290 688 3364 naturam,
712 3300 789 3370 qua,
808 3291 884 3342 voce
909 3289 938 3343 et
956 3271 1101 3366 Cprillus
1121 3271 1151 3344 er
1178 3269 1355 3346 aracillum

354 3381 580 3478 Athanasius
593 3373 646 3456 usi
664 3381 831 3478 fherant3
860 3385 1021 3480 quamvis
1048 3387 1093 3477 ad
1120 3381 1359 3461 Athanasium

355 3497 455 3594 quod
467 3497 595 3572 attinet
609 3519 685 3592 quae
698 3497 777 3570 loca
785 3495 955 3587 respicere
964 3497 1106 3575 videtur
1115 3498 1359 3582 Theorianus,
1370 3548 1372 3556 ,

347 3620 400 3707 ¹⁴e'a
413 3608 597 3700 Catholica
610 3606 755 3705 quidem
769 3631 865 3700 esse,
879 3634 1008 3704 vertam
1019 3607 1217 3682 Athanasio
1230 3629 1353 3698 perpe-

243 3787 244 3791 ,
356 3745 434 3800 ram
458 3722 585 3820 tributa
599 3767 618 3819 ,ν
635 3718 745 3813 Lrluo
782 3719 840 3800 lv
873 3721 919 3814 ,de
957 3719 1218 3827 Iaearnatione
1245 3743 1277 3796 c.
1300 3715 1356 3798 VI
