2994 4454
346 343 456 424 bendi
482 343 665 425 literarum
690 350 916 444 reipublice,
955 351 1115 430 Ecclesia
1149 351 1341 454 universa,

346 462 451 540 bonis
478 463 644 540 omnibus
668 463 764 538 istud
797 483 1108 558 peropportunum
1130 467 1275 595 antiqur
1257 465 1339 541 &Pa

345 577 407 654 tris
433 578 581 684 Anneni
608 576 910 686 Monumentum,
937 597 1002 654 aare
1016 580 1230 678 perennius
1227 583 1340 654 dura

345 707 488 766 turum
516 681 606 769 Mihi
634 705 753 769 autem
774 686 1020 770 vehementer
1031 689 1188 790 gaudeo
1183 717 1239 766 me
1267 716 1345 791 gra

345 811 420 882 tam
445 815 591 880 nactum
617 806 876 936 jucundamque
895 806 1122 882 occasionem
1146 801 1302 878 fuisse
1275 830 1341 878 snr-

245 909 248 916 ’
344 921 504 1026 gularem
531 919 676 995 alium
665 919 757 993 rirter
784 921 962 997 Armenos
997 921 1219 994 Doctorem
1228 916 1344 991 Eccle.

343 1031 400 1106 siae
418 1019 531 1125 probe
557 1026 813 1134 cognoscendi,
839 1054 876 1108 et
898 1032 1078 1124 specimen
1101 1021 1211 1112 istud
1223 1027 1346 1100 ortho-

341 1143 446 1222 doxae
469 1145 563 1220 illius
575 1135 836 1247 profundeque
853 1145 1026 1221 doctrinae
1047 1143 1176 1252 magni
1202 1133 1346 1241 quidem
1454 1189 1463 1214 ι

339 1251 544 1338 iaciendum
582 1276 737 1354 utroque
785 1259 914 1348 pollice
953 1243 1202 1348 approbandi.
1227 1253 1347 1332 Faxit

337 1364 468 1459 Deus,
492 1386 535 1442 ut
559 1390 682 1459 sospes
708 1367 798 1446 diu
807 1391 846 1446 et
868 1371 1060 1456 incolumis
1087 1371 1209 1460 vivas3
1245 1392 1345 1443 coro·

339 1505 455 1579 neque
493 1481 688 1560 caelestium
712 1473 1010 1561 benedictionum
1037 1485 1198 1582 singulos
1232 1484 1346 1557 donet
1402 1499 1405 1508 “

339 1591 541 1672 Moruchos
569 1615 677 1692 tuos,
710 1600 769 1696 qui
793 1597 871 1671 vita
913 1593 1119 1671 Monasticse
1145 1597 1344 1685 exemp105

338 1699 678 1788 utiliumliterarum
693 1713 840 1803 studiis,
864 1709 1046 1785 catholica
1059 1709 1230 1783 doctrina
1256 1707 1347 1781 hau-

338 1837 417 1916 stu,
442 1821 624 1898 laboribus
648 1823 816 1926 denique
830 1827 876 1902 ad
900 1824 1046 1899 fidem
1035 1849 1073 1897 ιιι
1086 1820 1233 1899 Oriente
1263 1846 1347 1912 pro-

334 1933 540 2032 pagentium
553 1938 840 2042 religionemque
857 1939 1028 2017 tuendam
1041 1921 1243 2030 exantlatis,
1258 1961 1343 2040 pra·

331 2043 424 2115 clare
452 2046 499 2117 de
529 2045 765 2126 hisomnibus
791 2051 939 2144 meriti,
965 2047 1137 2123 omnium
1162 2047 1342 2124 existima-

332 2151 500 2252 tionem,
517 2157 686 2233 omniurn
700 2165 939 2250 reverentiam
957 2182 995 2236 et
1010 2186 1177 2235 amorem
1192 2157 1263 2232 sibi
1280 2159 1346 2234 de

336 2264 507 2361 vincunt.
536 2270 642 2369 Vale,
669 2300 738 2351 nec
763 2279 835 2354 ulla
858 2275 910 2350 tui
935 2273 1093 2347 nominis
1119 2273 1338 2350 memoriam

335 2379 374 2458 in
398 2373 558 2458 Suculis
575 2385 822 2462 remotissimis
848 2385 967 2462 deleat
992 2383 1153 2461 oblivio·

432 2581 576 2666 Dabam
605 2586 763 2670 Venetiis
788 2527 880 2684 Idib.
906 2587 1050 2693 Ianuar.
1076 2615 1133 2666 an.
1165 2589 1272 2684 1817·
