2994 4454
759 191 874 280 .32

660 347 1050 408 SUFFRAGIUM

517 503 604 561 Iilmi.
621 519 649 562 et
675 509 784 585 Revmi.
801 463 1006 591 Aichiepiscopi
1022 515 1193 580 cercyrensis
1213 536 1217 546 ,

662 609 743 665 Pauli
769 612 888 688 Augusti
913 617 1044 675 Fdeeolo.

728 863 985 908 *⁴1me

532 1085 717 1204 Hitutrmjo
742 1107 782 1163 et
805 1089 984 1170 Reverm
1008 1095 1177 1174 Domino
1236 1107 1243 1118 ’
1342 1113 1349 1122 ’

501 1214 686 1306 Stephano
720 1217 1004 1339 Aichiepiscopo
1033 1225 1209 1303 Siuniensi

589 1388 723 1468 Paulus
757 1390 944 1491 Augustus
969 1397 1149 1476 Foscolo‘
1247 1380 1252 1390 ’

577 1498 816 1604 Corcyrensis¹
838 1506 1137 1601 Archiepiscopus

499 1635 622 1688 veram
648 1634 687 1692 et
708 1636 967 1705 perennantem
993 1616 1223 1697 felicitatem.

346 1791 481 1963 Non
520 1915 578 1964 me
621 1885 741 1989 fugit,
761 1883 1064 1981 ‚praestantissime
1105 1895 1368 1990 Archipraesul,

343 2013 411 2066 nec
438 1986 555 2088 fugiet
581 2013 745 2088 unquam
769 1990 916 2090 insignis
944 1991 1364 2090 benevolentia,·perpe‚

344 2111 479 2188 tuaque
504 2086 735 2182 humanitas,
761 2111 831 2186 qua
856 2113 947 2185 me,
972 2095 1062 2169 dum
1089 2095 1208 2170 adhuc
1233 2096 1272 2168 in
1297 2094 1362 2175 mi-

343 2189 515 2284 noribus,
540 2205 582 2260 ut
608 2186 732 2281 ajunt,
767 2189 833 2263 sub
859 2197 1040 2268 avunculo
1078 2219 1166 2288 meo
1190 2193 1360 2292 Pharensi

322 2356 325 2367 .
349 2288 548 2381 Antistite‚
567 2309 718 2382 essem,
743 2313 885 2381 semper
909 2293 1081 2392 prosequi
1097 2295 1262 2394 dignatus
1270 2345 1277 2362 -.
1298 2323 1361 2378 es.

350 2393 439 2470 Sum
477 2390 587 2492 igitur
611 2413 632 2460 a
657 2387 772 2477 prima
804 2407 905 2465 aetate
938 2391 1001 2466 tibi
1029 2418 1076 2469 ex
1109 2396 1233 2472 animo
1248 2393 1360 2473 dedi-

346 2515 428 2586 tus,
455 2513 572 2595 neque
600 2507 641 2562 tu
667 2484 705 2560 id
730 2488 869 2564 nescis.
896 2488 950 2567 Ex
978 2512 1063 2569 tunc
1089 2496 1188 2572 enim
1202 2515 1247 2578 ‚te
1274 2492 1366 2572 mihi

345 2579 488 2683 semper
511 2586 744 2683 propositum
780 2589 887 2663 habui
928 2617 1038 2695 quem
1072 2595 1243 2686 precipue
1269 2599 1365 2669 coi·

350 2717 452 2787 rem,
493 2713 610 2788 neque
637 2687 905 2778 amplitudiniss
935 2711 1074 2768 tantum
1115 2715 1151 2768 et
1184 2691 1366 2792 dignitatis

224 2846 230 2862 .
347 2812 418 2868 tuae
453 2813 557 2863 causa
599 2786 712 2881 (hoc
753 2788 852 2862 enim
871 2790 952 2865 ‘tibi
978 2792 1222 2892 pluribusque
1241 2821 1365 2876 comu-

346 2892 451 2984 ne),
491 2888 555 2962 sed
579 2889 699 2962 multo
739 2885 877 2984 magis,
913 2890 1009 2989 quod
1037 2892 1191 2986 tumihi
1227 2896 1365 2974 virtutis
1412 2903 1414 2908 “

349 3012 456 3090 atque
488 2985 659 3061 doc'trinae
679 2983 826 3072 'inediis
852 2987 1059 3067 admiratori
1088 2996 1193 3084 plane
1229 2995 1362 3097 ¹studia

343 3091 496 3168 -sissimo
525 3081 721 3175 videbaris,
746 3083 837 3163 sicut
864 3089 991 3167 videris
1008 3110 1045 3166 et
1071 3101 1191 3190 nunc,'
1216 3121 1293 3170 non
1316 3097 1367 3170 di·
1424 3150 1428 3154 -

352 3215 437 3266 cam.
460 3189 586 3276 solus,
610 3203 646 3272 at
673 3205 758 3256 cum
792 3189 975 3282 perpaucis
990 3193 1209 3289 certissime,
1235 3195 1368 3270 utrius-

343 3313 435 3392 que,
475 3283 678 3378 plurimum
704 3303 850 3386 utraque
866 3295 1021 3388 -valens,
1044 3293 1260 3386 ‚exemplum
1286 3296 1367 3371 reti-

351 3413 461 3466 nere.
505 3383 599 3460 Hinc
627 3387 700 3477 jani
731 3409 778 3460 ex
805 3412 852 3463 eo
879 3411 1044 3484 tempore
1071 3395 1368 3488 amavipostea,

350 3516 419 3566 nec
432 3514 510 3565 non
523 3510 643 3562 amare
659 3506 693 3560 te
707 3489 811 3578 potui
827 3546 838 3582 ,
852 3491 1095 3594 mequemeae
1121 3495 1233 3569 semel
1257 3517 1368 3569 susce-

348 3609 422 3684 ·ptte
432 3591 520 3674 inte
531 3585 798 3665 benevolentiae
813 3614 997 3688 nunquam
1009 3595 1197 3682 poenituit:
1211 3593 1372 3691 nihilque

353 3681 433 3764 hon
459 3709 518 3768 tua
534 3685 773 3794 ³causemihi¹
789 3685 1004 3788 faciendum
1023 3717 1115 3782 ¹esse
1135 3694 1248 3775 duxi.
1271 3693 1371 3793 Qua-

356 3785 511 3879 propter'
532 3789 644 3870 velim
669 3787 748 3865 hoc*
768 3787 829 3865 tibi
853 3787 1284 3886 persuadeas‘paucosfte
1311 3795 1373 3872 ha·
