<?xml version="1.0" encoding="UTF-8"?>
<!DOCTYPE html PUBLIC "-//W3C//DTD XHTML 1.0 Transitional//EN"
    "http://www.w3.org/TR/xhtml1/DTD/xhtml1-transitional.dtd">
<html xmlns="http://www.w3.org/1999/xhtml" xml:lang="en" lang="en">
 <head>
  <title>
</title>
<meta http-equiv="Content-Type" content="text/html;charset=utf-8" />
  <meta name='ocr-system' content='tesseract 3.04.00' />
  <meta name='ocr-capabilities' content='ocr_page ocr_carea ocr_par ocr_line ocrx_word'/>
</head>
<body>
  <div class='ocr_page' id='page_1' title='image "./joannisphilosop00awgegoog_0170.png"; bbox 0 0 2994 4454; ppageno 0'>
   <div class='ocr_carea' id='block_1_1' title="bbox 662 219 1117 424">
    <p class='ocr_par' dir='ltr' id='par_1_1' title="bbox 662 219 1117 424">
     <span class='ocr_line' id='line_1_1' title="bbox 831 219 889 286; baseline -0.052 0"><span class='ocrx_word' id='word_1_1' title='bbox 831 219 889 286; x_wconf 85' lang='lat'><strong>20</strong></span> 
     </span>
     <span class='ocr_line' id='line_1_2' title="bbox 662 339 1117 424; baseline -0.002 -26"><span class='ocrx_word' id='word_1_2' title='bbox 662 339 1117 424; x_wconf 43' lang='lat' dir='ltr'><strong>surrusntuu‘1</strong></span> 
     </span>
    </p>
   </div>
   <div class='ocr_carea' id='block_1_2' title="bbox 276 497 1374 705">
    <p class='ocr_par' dir='ltr' id='par_1_2' title="bbox 276 497 1374 705">
     <span class='ocr_line' id='line_1_3' title="bbox 347 497 1370 599; baseline -0.009 -18"><span class='ocrx_word' id='word_1_3' title='bbox 347 497 386 599; x_wconf 42' lang='lat' dir='ltr'><strong>Rq</strong></span> <span class='ocrx_word' id='word_1_4' title='bbox 400 523 430 580; x_wconf 73' lang='lat' dir='ltr'><strong>P.</strong></span> <span class='ocrx_word' id='word_1_5' title='bbox 454 521 490 578; x_wconf 77' lang='lat'><strong>1).</strong></span> <span class='ocrx_word' id='word_1_6' title='bbox 508 521 657 594; x_wconf 75' lang='lat' dir='ltr'><strong>Augustini</strong></span> <span class='ocrx_word' id='word_1_7' title='bbox 674 517 737 575; x_wconf 70' lang='lat' dir='ltr'><strong>Ma·</strong></span> <span class='ocrx_word' id='word_1_8' title='bbox 753 519 856 576; x_wconf 78' lang='lat' dir='ltr'><strong>Melini</strong></span> <span class='ocrx_word' id='word_1_9' title='bbox 875 521 944 576; x_wconf 87' lang='lat' dir='ltr'><strong>oiim</strong></span> <span class='ocrx_word' id='word_1_10' title='bbox 964 515 1099 575; x_wconf 72' lang='lat' dir='ltr'><strong>monaehi</strong></span> <span class='ocrx_word' id='word_1_11' title='bbox 1106 517 1287 574; x_wconf 73' lang='lat' dir='ltr'><strong>Cannelitani</strong></span> <span class='ocrx_word' id='word_1_12' title='bbox 1304 517 1370 580; x_wconf 67' lang='lat' dir='ltr'><strong>Do·=</strong></span> 
     </span>
     <span class='ocr_line' id='line_1_4' title="bbox 276 609 1374 705; baseline -0.008 -23"><span class='ocrx_word' id='word_1_13' title='bbox 276 609 278 614; x_wconf 33' lang='lat'><em>⁵</em></span> <span class='ocrx_word' id='word_1_14' title='bbox 351 625 432 684; x_wconf 74' lang='lat' dir='ltr'><strong>erotis</strong></span> <span class='ocrx_word' id='word_1_15' title='bbox 450 625 534 684; x_wconf 72' lang='lat' dir='ltr'><strong>sacra</strong></span> <span class='ocrx_word' id='word_1_16' title='bbox 551 622 698 705; x_wconf 67' lang='lat' dir='ltr'><strong>Theiogia,</strong></span> <span class='ocrx_word' id='word_1_17' title='bbox 713 623 840 680; x_wconf 79' lang='lat' dir='ltr'><strong>Rectorls</strong></span> <span class='ocrx_word' id='word_1_18' title='bbox 856 623 974 704; x_wconf 74' lang='lat' dir='ltr'><strong>collegii</strong></span> <span class='ocrx_word' id='word_1_19' title='bbox 991 619 1080 684; x_wconf 67' lang='lat' dir='ltr'><strong>centri</strong></span> <span class='ocrx_word' id='word_1_20' title='bbox 1096 619 1283 682; x_wconf 78' lang='lat' dir='ltr'><strong>Frumorum·</strong></span> <span class='ocrx_word' id='word_1_21' title='bbox 1371 639 1374 646; x_wconf 26' lang='grc' dir='ltr'><strong>Δ</strong></span> 
     </span>
    </p>
   </div>
   <div class='ocr_carea' id='block_1_3' title="bbox 711 903 1013 934">
    <p class='ocr_par' dir='ltr' id='par_1_3' title="bbox 711 903 1013 934">
     <span class='ocr_line' id='line_1_5' title="bbox 711 903 1013 934; baseline 0 -9"><span class='ocrx_word' id='word_1_22' title='bbox 711 903 1013 934; x_wconf 48' lang='lat' dir='ltr'><em>w</em></span> 
     </span>
    </p>
   </div>
   <div class='ocr_carea' id='block_1_4' title="bbox 352 1104 1368 1224">
    <p class='ocr_par' dir='ltr' id='par_1_4' title="bbox 352 1104 1368 1224">
     <span class='ocr_line' id='line_1_6' title="bbox 352 1104 1368 1224; baseline -0.005 -17"><span class='ocrx_word' id='word_1_23' title='bbox 352 1104 672 1208; x_wconf 70' lang='lat' dir='ltr'><strong>Reverenriissimo</strong></span> <span class='ocrx_word' id='word_1_24' title='bbox 698 1125 921 1222; x_wconf 73' lang='lat' dir='ltr'><strong>Ranrieli</strong></span> <span class='ocrx_word' id='word_1_25' title='bbox 947 1123 1194 1206; x_wconf 84' lang='lat' dir='ltr'><strong>Avedichinno</strong></span> <span class='ocrx_word' id='word_1_26' title='bbox 1220 1119 1368 1224; x_wconf 78' lang='lat' dir='ltr'><strong>Presby-</strong></span> 
     </span>
    </p>
   </div>
   <div class='ocr_carea' id='block_1_5' title="bbox 400 1225 1369 1432">
    <p class='ocr_par' dir='ltr' id='par_1_5' title="bbox 400 1225 1369 1432">
     <span class='ocr_line' id='line_1_7' title="bbox 401 1225 1369 1334; baseline 0.002 -17"><span class='ocrx_word' id='word_1_27' title='bbox 401 1259 480 1318; x_wconf 89' lang='lat' dir='ltr'>tero</span> <span class='ocrx_word' id='word_1_28' title='bbox 506 1258 545 1314; x_wconf 91' lang='lat' dir='ltr'><strong>et</strong></span> <span class='ocrx_word' id='word_1_29' title='bbox 570 1225 759 1315; x_wconf 81' lang='lat' dir='ltr'><strong>Monacho</strong></span> <span class='ocrx_word' id='word_1_30' title='bbox 786 1255 824 1313; x_wconf 91' lang='lat' dir='ltr'><strong>et</strong></span> <span class='ocrx_word' id='word_1_31' title='bbox 833 1236 1065 1334; x_wconf 69' lang='lat' dir='ltr'><strong>vertentem,</strong></span> <span class='ocrx_word' id='word_1_32' title='bbox 1091 1265 1131 1314; x_wconf 80' lang='lat' dir='ltr'><strong>ac</strong></span> <span class='ocrx_word' id='word_1_33' title='bbox 1156 1236 1369 1320; x_wconf 75' lang='lat' dir='ltr'><strong>Monosterii</strong></span> 
     </span>
     <span class='ocr_line' id='line_1_8' title="bbox 400 1348 959 1432; baseline -0.011 0"><span class='ocrx_word' id='word_1_34' title='bbox 400 1354 434 1432; x_wconf 88' lang='lat' dir='ltr'><strong>S.</strong></span> <span class='ocrx_word' id='word_1_35' title='bbox 464 1351 591 1429; x_wconf 84' lang='lat' dir='ltr'>Lazari</span> <span class='ocrx_word' id='word_1_36' title='bbox 619 1348 760 1425; x_wconf 80' lang='lat' dir='ltr'><strong>Victrio</strong></span> <span class='ocrx_word' id='word_1_37' title='bbox 787 1351 959 1428; x_wconf 81' lang='lat' dir='ltr'><strong>Generali</strong></span> 
     </span>
    </p>
   </div>
   <div class='ocr_carea' id='block_1_6' title="bbox 400 1535 1375 1781">
    <p class='ocr_par' dir='ltr' id='par_1_6' title="bbox 400 1535 1375 1781">
     <span class='ocr_line' id='line_1_9' title="bbox 400 1535 1375 1667; baseline -0.006 -19"><span class='ocrx_word' id='word_1_38' title='bbox 400 1569 523 1648; x_wconf 79' lang='lat' dir='ltr'><strong>Frater</strong></span> <span class='ocrx_word' id='word_1_39' title='bbox 549 1565 772 1667; x_wconf 82' lang='lat' dir='ltr'><strong>Augustinus</strong></span> <span class='ocrx_word' id='word_1_40' title='bbox 784 1535 896 1643; x_wconf 73' lang='lat' dir='ltr'><strong>Marta</strong></span> <span class='ocrx_word' id='word_1_41' title='bbox 920 1564 1037 1644; x_wconf 88' lang='lat' dir='ltr'><strong>Moiin</strong></span> <span class='ocrx_word' id='word_1_42' title='bbox 1049 1564 1234 1660; x_wconf 88' lang='lat' dir='ltr'><strong>Presbyter</strong></span> <span class='ocrx_word' id='word_1_43' title='bbox 1259 1589 1302 1642; x_wconf 87' lang='lat' dir='ltr'><strong>et</strong></span> <span class='ocrx_word' id='word_1_44' title='bbox 1368 1638 1375 1656; x_wconf 40' lang='lat' dir='ltr'><em>s</em></span> 
     </span>
     <span class='ocr_line' id='line_1_10' title="bbox 611 1677 1095 1781; baseline -0.004 -25"><span class='ocrx_word' id='word_1_45' title='bbox 611 1680 813 1781; x_wconf 83' lang='lat' dir='ltr'>Monachus</span> <span class='ocrx_word' id='word_1_46' title='bbox 838 1677 1029 1757; x_wconf 79' lang='lat' dir='ltr'><strong>carmelita</strong></span> <span class='ocrx_word' id='word_1_47' title='bbox 1055 1680 1095 1756; x_wconf 88' lang='lat' dir='ltr'><strong>F.</strong></span> 
     </span>
    </p>
   </div>
   <div class='ocr_carea' id='block_1_7' title="bbox 233 1863 1461 3877">
    <p class='ocr_par' dir='ltr' id='par_1_7' title="bbox 270 1863 1461 3650">
     <span class='ocr_line' id='line_1_11' title="bbox 346 1863 1367 2045; baseline -0.004 -15"><span class='ocrx_word' id='word_1_48' title='bbox 346 1863 386 2041; x_wconf 75' lang='lat' dir='ltr'>J</span> <span class='ocrx_word' id='word_1_49' title='bbox 387 1956 515 2031; x_wconf 88' lang='lat' dir='ltr'><strong>oannis</strong></span> <span class='ocrx_word' id='word_1_50' title='bbox 541 1954 775 2045; x_wconf 83' lang='lat' dir='ltr'><strong>Philosophi,</strong></span> <span class='ocrx_word' id='word_1_51' title='bbox 802 1955 1064 2033; x_wconf 80' lang='lat' dir='ltr'>Armeniorum</span> <span class='ocrx_word' id='word_1_52' title='bbox 1091 1953 1367 2034; x_wconf 79' lang='lat' dir='ltr'><strong>Catholici‘ad.</strong></span> 
     </span>
     <span class='ocr_line' id='line_1_12' title="bbox 343 2065 1359 2156; baseline -0.004 -6"><span class='ocrx_word' id='word_1_53' title='bbox 343 2096 467 2150; x_wconf 82' lang='lat' dir='ltr'><strong>versus</strong></span> <span class='ocrx_word' id='word_1_54' title='bbox 492 2065 737 2144; x_wconf 81' lang='lat' dir='ltr'><strong>Phantasticos</strong></span> <span class='ocrx_word' id='word_1_55' title='bbox 766 2065 981 2142; x_wconf 84' lang='lat' dir='ltr'><strong>Orationem</strong></span> <span class='ocrx_word' id='word_1_56' title='bbox 1006 2091 1027 2140; x_wconf 85' lang='lat' dir='ltr'>a</span> <span class='ocrx_word' id='word_1_57' title='bbox 1060 2069 1101 2146; x_wconf 88' lang='lat' dir='ltr'><strong>V.</strong></span> <span class='ocrx_word' id='word_1_58' title='bbox 1126 2067 1180 2146; x_wconf 84' lang='lat' dir='ltr'><strong>Cl.</strong></span> <span class='ocrx_word' id='word_1_59' title='bbox 1216 2069 1359 2156; x_wconf 86' lang='lat' dir='ltr'>Joanne</span> 
     </span>
     <span class='ocr_line' id='line_1_13' title="bbox 345 2175 1364 2279; baseline -0.002 -17"><span class='ocrx_word' id='word_1_60' title='bbox 345 2183 388 2262; x_wconf 87' lang='grc' dir='ltr'><strong>Β.</strong></span> <span class='ocrx_word' id='word_1_61' title='bbox 410 2179 557 2257; x_wconf 86' lang='lat' dir='ltr'>Aucher</span> <span class='ocrx_word' id='word_1_62' title='bbox 568 2175 868 2279; x_wconf 78' lang='lat' dir='ltr'><strong>congregationis</strong></span> <span class='ocrx_word' id='word_1_63' title='bbox 901 2198 1025 2260; x_wconf 78' lang='lat' dir='ltr'><strong>vesttae</strong></span> <span class='ocrx_word' id='word_1_64' title='bbox 1035 2180 1219 2264; x_wconf 86' lang='lat' dir='ltr'><strong>Monacho</strong></span> <span class='ocrx_word' id='word_1_65' title='bbox 1246 2210 1364 2277; x_wconf 87' lang='lat' dir='ltr'>nuper</span> 
     </span>
     <span class='ocr_line' id='line_1_14' title="bbox 347 2293 1363 2399; baseline -0.002 -27"><span class='ocrx_word' id='word_1_66' title='bbox 347 2293 501 2388; x_wconf 74' lang='lat' dir='ltr'><strong>Latine,</strong></span> <span class='ocrx_word' id='word_1_67' title='bbox 536 2312 574 2369; x_wconf 92' lang='lat' dir='ltr'><strong>et</strong></span> <span class='ocrx_word' id='word_1_68' title='bbox 600 2293 791 2388; x_wconf 80' lang='lat' dir='ltr'><strong>Armenice</strong></span> <span class='ocrx_word' id='word_1_69' title='bbox 817 2293 982 2392; x_wconf 82' lang='lat' dir='ltr'><strong>editam,</strong></span> <span class='ocrx_word' id='word_1_70' title='bbox 1022 2300 1190 2399; x_wconf 87' lang='lat' dir='ltr'><strong>notisque</strong></span> <span class='ocrx_word' id='word_1_71' title='bbox 1215 2298 1363 2376; x_wconf 84' lang='lat' dir='ltr'><strong>sslustra.</strong></span> 
     </span>
     <span class='ocr_line' id='line_1_15' title="bbox 348 2406 1367 2506; baseline -0.002 -16"><span class='ocrx_word' id='word_1_72' title='bbox 348 2431 423 2490; x_wconf 82' lang='lat' dir='ltr'><strong>tam</strong></span> <span class='ocrx_word' id='word_1_73' title='bbox 463 2429 505 2484; x_wconf 92' lang='lat' dir='ltr'><strong>ut</strong></span> <span class='ocrx_word' id='word_1_74' title='bbox 549 2406 708 2500; x_wconf 90' lang='lat' dir='ltr'><strong>primum</strong></span> <span class='ocrx_word' id='word_1_75' title='bbox 748 2434 834 2484; x_wconf 89' lang='lat' dir='ltr'><strong>cum</strong></span> <span class='ocrx_word' id='word_1_76' title='bbox 877 2410 946 2484; x_wconf 92' lang='lat' dir='ltr'><strong>tuis</strong></span> <span class='ocrx_word' id='word_1_77' title='bbox 979 2411 1158 2489; x_wconf 75' lang='lat' dir='ltr'><strong>mandntis</strong></span> <span class='ocrx_word' id='word_1_78' title='bbox 1199 2415 1318 2504; x_wconf 83' lang='lat' dir='ltr'><strong>accepi</strong></span> <span class='ocrx_word' id='word_1_79' title='bbox 1356 2470 1367 2506; x_wconf 92' lang='lat'>,</span> 
     </span>
     <span class='ocr_line' id='line_1_16' title="bbox 346 2521 1410 2624; baseline -0.001 -20"><span class='ocrx_word' id='word_1_80' title='bbox 346 2524 468 2604; x_wconf 78' lang='lat' dir='ltr'><strong>statim</strong></span> <span class='ocrx_word' id='word_1_81' title='bbox 508 2521 628 2598; x_wconf 78' lang='lat' dir='ltr'><strong>mirari</strong></span> <span class='ocrx_word' id='word_1_82' title='bbox 653 2521 761 2616; x_wconf 87' lang='lat' dir='ltr'><strong>subjit</strong></span> <span class='ocrx_word' id='word_1_83' title='bbox 797 2523 884 2624; x_wconf 86' lang='lat' dir='ltr'><strong>quid</strong></span> <span class='ocrx_word' id='word_1_84' title='bbox 908 2525 947 2602; x_wconf 89' lang='lat' dir='ltr'><strong>in</strong></span> <span class='ocrx_word' id='word_1_85' title='bbox 979 2551 1101 2606; x_wconf 82' lang='lat' dir='ltr'><strong>caussa</strong></span> <span class='ocrx_word' id='word_1_86' title='bbox 1126 2524 1263 2621; x_wconf 84' lang='lat' dir='ltr'><strong>fucrit,</strong></span> <span class='ocrx_word' id='word_1_87' title='bbox 1305 2553 1366 2602; x_wconf 92' lang='lat' dir='ltr'><strong>cur</strong></span> <span class='ocrx_word' id='word_1_88' title='bbox 1406 2595 1410 2603; x_wconf 91' lang='lat'>.</span> 
     </span>
     <span class='ocr_line' id='line_1_17' title="bbox 350 2635 1369 2736; baseline 0.001 -22"><span class='ocrx_word' id='word_1_89' title='bbox 350 2640 391 2714; x_wconf 91' lang='lat' dir='ltr'><strong>in</strong></span> <span class='ocrx_word' id='word_1_90' title='bbox 418 2663 461 2714; x_wconf 80' lang='lat' dir='ltr'><strong>ea</strong></span> <span class='ocrx_word' id='word_1_91' title='bbox 484 2635 625 2714; x_wconf 80' lang='lat' dir='ltr'><strong>civitate</strong></span> <span class='ocrx_word' id='word_1_92' title='bbox 652 2661 730 2734; x_wconf 81' lang='lat' dir='ltr'><strong>quce</strong></span> <span class='ocrx_word' id='word_1_93' title='bbox 770 2637 982 2714; x_wconf 83' lang='lat' dir='ltr'><strong>doctissimis</strong></span> <span class='ocrx_word' id='word_1_94' title='bbox 1015 2639 1116 2736; x_wconf 81' lang='lat' dir='ltr'><strong>viris²</strong></span> <span class='ocrx_word' id='word_1_95' title='bbox 1147 2635 1369 2716; x_wconf 80' lang='lat' dir='ltr'><strong>divinantm-</strong></span> 
     </span>
     <span class='ocr_line' id='line_1_18' title="bbox 346 2747 1367 2857; baseline 0.004 -31"><span class='ocrx_word' id='word_1_96' title='bbox 346 2775 416 2857; x_wconf 85' lang='lat' dir='ltr'><strong>que</strong></span> <span class='ocrx_word' id='word_1_97' title='bbox 442 2775 566 2828; x_wconf 86' lang='lat' dir='ltr'>rerum</span> <span class='ocrx_word' id='word_1_98' title='bbox 590 2747 806 2840; x_wconf 86' lang='lat' dir='ltr'><strong>peritissimis</strong></span> <span class='ocrx_word' id='word_1_99' title='bbox 832 2751 988 2835; x_wconf 79' lang='lat' dir='ltr'><strong>maxime</strong></span> <span class='ocrx_word' id='word_1_100' title='bbox 1016 2748 1260 2845; x_wconf 84' lang='lat' dir='ltr'>redundaret,</span> <span class='ocrx_word' id='word_1_101' title='bbox 1304 2778 1367 2830; x_wconf 91' lang='lat' dir='ltr'><strong>me</strong></span> 
     </span>
     <span class='ocr_line' id='line_1_19' title="bbox 348 2861 1366 2963; baseline 0.002 -21"><span class='ocrx_word' id='word_1_102' title='bbox 348 2891 420 2962; x_wconf 79' lang='lat' dir='ltr'><strong>prae</strong></span> <span class='ocrx_word' id='word_1_103' title='bbox 459 2861 592 2939; x_wconf 72' lang='lat' dir='ltr'><strong>ceteris</strong></span> <span class='ocrx_word' id='word_1_104' title='bbox 619 2861 829 2963; x_wconf 86' lang='lat' dir='ltr'>eligendum</span> <span class='ocrx_word' id='word_1_105' title='bbox 856 2861 1140 2957; x_wconf 81' lang='lat' dir='ltr'><strong>existimaveris,</strong></span> <span class='ocrx_word' id='word_1_106' title='bbox 1181 2867 1284 2958; x_wconf 87' lang='lat' dir='ltr'><strong>cujus</strong></span> <span class='ocrx_word' id='word_1_107' title='bbox 1316 2867 1366 2944; x_wconf 87' lang='lat' dir='ltr'><strong>de</strong></span> 
     </span>
     <span class='ocr_line' id='line_1_20' title="bbox 270 2969 1370 3082; baseline -0.01 -21"><span class='ocrx_word' id='word_1_108' title='bbox 270 3075 274 3082; x_wconf 39' lang='grc'>,</span> <span class='ocrx_word' id='word_1_109' title='bbox 348 2979 513 3075; x_wconf 86' lang='lat' dir='ltr'><strong>ejusdem</strong></span> <span class='ocrx_word' id='word_1_110' title='bbox 540 2977 724 3054; x_wconf 85' lang='lat' dir='ltr'><strong>Orationis</strong></span> <span class='ocrx_word' id='word_1_111' title='bbox 754 2969 971 3076; x_wconf 69' lang='grc' dir='ltr'><strong>,θ’ρθοδοξίᾳ</strong></span> <span class='ocrx_word' id='word_1_112' title='bbox 997 2978 1217 3055; x_wconf 84' lang='lat' dir='ltr'><strong>sententiam</strong></span> <span class='ocrx_word' id='word_1_113' title='bbox 1245 2984 1370 3081; x_wconf 82' lang='lat' dir='ltr'>exqui.</span> 
     </span>
     <span class='ocr_line' id='line_1_21' title="bbox 349 3079 1368 3191; baseline -0.005 -18"><span class='ocrx_word' id='word_1_114' title='bbox 349 3119 469 3188; x_wconf 87' lang='lat' dir='ltr'><strong>retes,</strong></span> <span class='ocrx_word' id='word_1_115' title='bbox 499 3113 677 3191; x_wconf 85' lang='lat' dir='ltr'>quemque</span> <span class='ocrx_word' id='word_1_116' title='bbox 706 3079 749 3165; x_wconf 54' lang='lat' dir='ltr'><strong>in&#39;</strong></span> <span class='ocrx_word' id='word_1_117' title='bbox 770 3113 818 3167; x_wconf 86' lang='lat' dir='ltr'><strong>re·</strong></span> <span class='ocrx_word' id='word_1_118' title='bbox 838 3092 954 3190; x_wconf 80' lang='lat' dir='ltr'><strong>longe</strong></span> <span class='ocrx_word' id='word_1_119' title='bbox 986 3089 1196 3188; x_wconf 83' lang='lat' dir='ltr'><strong>gravissima</strong></span> <span class='ocrx_word' id='word_1_120' title='bbox 1221 3093 1368 3171; x_wconf 82' lang='lat' dir='ltr'><strong>arbitra-</strong></span> 
     </span>
     <span class='ocr_line' id='line_1_22' title="bbox 354 3203 1368 3302; baseline -0.003 -17"><span class='ocrx_word' id='word_1_121' title='bbox 354 3229 479 3286; x_wconf 90' lang='lat' dir='ltr'><strong>torem</strong></span> <span class='ocrx_word' id='word_1_122' title='bbox 503 3204 778 3302; x_wconf 83' lang='lat' dir='ltr'><strong>atquejudicem</strong></span> <span class='ocrx_word' id='word_1_123' title='bbox 794 3203 1047 3285; x_wconf 88' lang='lat' dir='ltr'><strong>constitueres.</strong></span> <span class='ocrx_word' id='word_1_124' title='bbox 1076 3204 1210 3285; x_wconf 88' lang='lat' dir='ltr'>Verum</span> <span class='ocrx_word' id='word_1_125' title='bbox 1226 3209 1270 3283; x_wconf 88' lang='lat' dir='ltr'><strong>de</strong></span> <span class='ocrx_word' id='word_1_126' title='bbox 1301 3209 1368 3284; x_wconf 84' lang='lat' dir='ltr'><strong>hac</strong></span> 
     </span>
     <span class='ocr_line' id='line_1_23' title="bbox 351 3315 1366 3418; baseline -0.002 -19"><span class='ocrx_word' id='word_1_127' title='bbox 351 3346 390 3399; x_wconf 89' lang='lat' dir='ltr'><strong>re</strong></span> <span class='ocrx_word' id='word_1_128' title='bbox 419 3317 483 3394; x_wconf 89' lang='lat' dir='ltr'><strong>diu</strong></span> <span class='ocrx_word' id='word_1_129' title='bbox 510 3319 741 3418; x_wconf 88' lang='lat' dir='ltr'>multumque</span> <span class='ocrx_word' id='word_1_130' title='bbox 768 3315 938 3417; x_wconf 82' lang='lat' dir='ltr'><strong>cogitanti</strong></span> <span class='ocrx_word' id='word_1_131' title='bbox 965 3317 1065 3394; x_wconf 82' lang='lat' dir='ltr'>nulla</span> <span class='ocrx_word' id='word_1_132' title='bbox 1089 3319 1256 3410; x_wconf 89' lang='lat' dir='ltr'><strong>profecto</strong></span> <span class='ocrx_word' id='word_1_133' title='bbox 1282 3347 1366 3397; x_wconf 82' lang='lat' dir='ltr'><strong>cuu-</strong></span> 
     </span>
     <span class='ocr_line' id='line_1_24' title="bbox 351 3430 1461 3532; baseline -0.003 -18"><span class='ocrx_word' id='word_1_134' title='bbox 351 3461 391 3514; x_wconf 78' lang='lat' dir='ltr'><strong>se</strong></span> <span class='ocrx_word' id='word_1_135' title='bbox 416 3431 538 3527; x_wconf 91' lang='lat' dir='ltr'><strong>potior</strong></span> <span class='ocrx_word' id='word_1_136' title='bbox 554 3457 763 3528; x_wconf 89' lang='lat' dir='ltr'><strong>occurrere,</strong></span> <span class='ocrx_word' id='word_1_137' title='bbox 789 3432 855 3509; x_wconf 90' lang='lat' dir='ltr'><strong>nisi</strong></span> <span class='ocrx_word' id='word_1_138' title='bbox 881 3430 1067 3532; x_wconf 74' lang='lat' dir='ltr'><strong>singularis</strong></span> <span class='ocrx_word' id='word_1_139' title='bbox 1081 3432 1143 3510; x_wconf 84' lang='lat' dir='ltr'><strong>illa</strong></span> <span class='ocrx_word' id='word_1_140' title='bbox 1163 3455 1223 3512; x_wconf 84' lang='lat' dir='ltr'><strong>tua</strong></span> <span class='ocrx_word' id='word_1_141' title='bbox 1250 3434 1364 3511; x_wconf 88' lang='lat' dir='ltr'><strong>inme</strong></span> <span class='ocrx_word' id='word_1_142' title='bbox 1457 3489 1461 3500; x_wconf 83' lang='lat'><strong>·</strong></span> 
     </span>
     <span class='ocr_line' id='line_1_25' title="bbox 351 3543 1369 3650; baseline 0.001 -25"><span class='ocrx_word' id='word_1_143' title='bbox 351 3548 556 3625; x_wconf 80' lang='lat' dir='ltr'><strong>humanitas</strong></span> <span class='ocrx_word' id='word_1_144' title='bbox 571 3543 717 3642; x_wconf 86' lang='lat' dir='ltr'><strong>potuit,</strong></span> <span class='ocrx_word' id='word_1_145' title='bbox 741 3565 851 3644; x_wconf 87' lang='lat' dir='ltr'>quam</span> <span class='ocrx_word' id='word_1_146' title='bbox 865 3569 950 3619; x_wconf 91' lang='lat' dir='ltr'><strong>cum</strong></span> <span class='ocrx_word' id='word_1_147' title='bbox 976 3567 1067 3636; x_wconf 78' lang='lat' dir='ltr'><strong>saepe</strong></span> <span class='ocrx_word' id='word_1_148' title='bbox 1086 3546 1170 3622; x_wconf 80' lang='lat' dir='ltr'><strong>olias</strong></span> <span class='ocrx_word' id='word_1_149' title='bbox 1198 3573 1369 3650; x_wconf 80' lang='lat' dir='ltr'>magnam</span> 
     </span>
    </p>

    <p class='ocr_par' dir='ltr' id='par_1_8' title="bbox 233 3656 1368 3877">
     <span class='ocr_line' id='line_1_26' title="bbox 283 3656 1368 3764; baseline -0.002 -26"><span class='ocrx_word' id='word_1_150' title='bbox 283 3705 289 3712; x_wconf 90' lang='lat'>-</span> <span class='ocrx_word' id='word_1_151' title='bbox 353 3679 522 3751; x_wconf 83' lang='lat' dir='ltr'><strong>expertus</strong></span> <span class='ocrx_word' id='word_1_152' title='bbox 547 3685 656 3749; x_wconf 88' lang='lat' dir='ltr'><strong>sum,</strong></span> <span class='ocrx_word' id='word_1_153' title='bbox 681 3676 761 3737; x_wconf 89' lang='lat' dir='ltr'><strong>tum</strong></span> <span class='ocrx_word' id='word_1_154' title='bbox 786 3681 873 3732; x_wconf 92' lang='lat' dir='ltr'><strong>vero</strong></span> <span class='ocrx_word' id='word_1_155' title='bbox 898 3656 938 3731; x_wconf 91' lang='lat' dir='ltr'><strong>in</strong></span> <span class='ocrx_word' id='word_1_156' title='bbox 952 3657 1019 3733; x_wconf 80' lang='lat' dir='ltr'><strong>hac</strong></span> <span class='ocrx_word' id='word_1_157' title='bbox 1045 3681 1083 3731; x_wconf 90' lang='lat' dir='ltr'><strong>re</strong></span> <span class='ocrx_word' id='word_1_158' title='bbox 1111 3660 1226 3764; x_wconf 84' lang='lat' dir='ltr'><strong>longe</strong></span> <span class='ocrx_word' id='word_1_159' title='bbox 1253 3661 1368 3738; x_wconf 83' lang='lat' dir='ltr'><strong>maxi-</strong></span> 
     </span>
     <span class='ocr_line' id='line_1_27' title="bbox 233 3767 1363 3877; baseline 0.007 -29"><span class='ocrx_word' id='word_1_160' title='bbox 233 3791 241 3808; x_wconf 83' lang='lat'><strong><em>‘</em></strong></span> <span class='ocrx_word' id='word_1_161' title='bbox 353 3793 470 3872; x_wconf 77' lang='lat' dir='ltr'><strong>mam.</strong></span> <span class='ocrx_word' id='word_1_162' title='bbox 484 3767 612 3872; x_wconf 80' lang='lat' dir='ltr'>Itaque</span> <span class='ocrx_word' id='word_1_163' title='bbox 625 3769 784 3873; x_wconf 81' lang='lat' dir='ltr'><strong>quamvis</strong></span> <span class='ocrx_word' id='word_1_164' title='bbox 797 3793 819 3846; x_wconf 82' lang='lat' dir='ltr'><strong>a</strong></span> <span class='ocrx_word' id='word_1_165' title='bbox 832 3789 947 3850; x_wconf 81' lang='lat' dir='ltr'><strong>vestra</strong></span> <span class='ocrx_word' id='word_1_166' title='bbox 962 3771 1030 3849; x_wconf 80' lang='lat' dir='ltr'><strong>hac</strong></span> <span class='ocrx_word' id='word_1_167' title='bbox 1046 3767 1363 3877; x_wconf 80' lang='lat' dir='ltr'><strong>Congregatione‚</strong></span> 
     </span>
    </p>
   </div>
   <div class='ocr_carea' id='block_1_8' title="bbox 0 0 1525 4454">
    <p class='ocr_par' dir='ltr' id='par_1_9' title="bbox 0 0 1525 4454">
     <span class='ocr_line' id='line_1_28' title="bbox 0 0 1525 4454; baseline 0 0"><span class='ocrx_word' id='word_1_168' title='bbox 0 0 1525 4454; x_wconf 95' lang='lat' dir='ltr'><strong> </strong></span> 
     </span>
    </p>
   </div>
  </div>
 </body>
</html>
