2994 4454
796 225 856 330 40

328 385 400 442 esse
427 369 562 454 potuit.
587 365 732 444 Etenim
758 367 831 442 haec
855 365 1021 462 Synodus
1037 360 1101 437 sub
1128 363 1330 466 Constante

328 474 464 572 Imper.
488 498 610 557 coacta
621 481 776 558 Heraclii
801 500 960 574 nepote,
986 478 1181 554 Patriarcha
1197 477 1331 552 Nierse·

326 589 469 667 Datiano
492 595 530 668 in
554 592 739 669 Provincia
751 591 873 669 Taikae
897 592 1063 689 vivente,
1088 605 1197 691 quem
1221 590 1329 683 inter,

327 724 365 778 et
392 705 513 782 ¹vitam
553 727 721 808 agentem
740 759 745 766 -
765 706 947 794 Ioannem
985 717 1149 799 tempore
1191 701 1330 780 leonis

327 814 498 913 Isaurici,
521 843 676 920 quatuor
699 817 906 898 Patriarchae
929 815 1040 906 medii
1067 816 1195 893 fuere,
1228 814 1328 914 Quid

326 953 447 1042 autem
473 933 518 1009 de
545 933 863 1011 Anathematum
852 932 1063 1027 impiissimo
1089 955 1225 1026 opere,
1255 925 1325 1009 Oz-

324 1035 439 1120 niensi
459 1043 545 1122 item
556 1050 599 1122 ab
609 1049 731 1148 aliquo
739 1070 833 1125 certe
849 1047 1028 1140 haeretico,
1033 1044 1197 1176 ‘tuipsius
1208 1035 1326 1118 nomi·

320 1183 368 1232 ne
392 1183 531 1254 nomen
544 1157 654 1255 operi
675 1181 870 1258 quaereret,
886 1159 1104 1252 impiissime
1127 1153 1326 1249 inscripto?

321 1270 421 1370 Quid
447 1273 492 1347 de
520 1274 655 1366 Libro,
692 1275 794 1363 cujus
820 1275 1026 1366 saepedictus
1052 1259 1209 1352 Galenus
1233 1296 1324 1362 saepe

320 1381 445 1479 sepius
473 1385 667 1480 meminit,
696 1381 865 1462 adversus
877 1386 1138 1486 Diaphysiaas,
1160 1387 1273 1476 impio
1284 1405 1329 1462 et

323 1499 428 1594 ipso,
466 1520 570 1598 atque
597 1499 777 1594 absurd0,
815 1523 992 1597 quemque
1017 1498 1328 1590 certe-suppositi.

322 1614 414 1712 tium
430 1635 554 1707 ptaeter
578 1617 836 1692 sententiarum
861 1608 1183 1705 improprietatem,
1207 1630 1244 1686 et
1267 1637 1326 1687 re-

323 1753 423 1806 rum
450 1729 690 1830 ignorantiam
740 1745 818 1828 quae
853 1743 939 1798 eum
980 1721 1125 1811 Joanuis
1162 1721 1329 1801 doctrina

321 1859 414 1918 stare
440 1869 518 1918 non
543 1863 681 1937 potest,
709 1865 783 1934 rpta
796 1841 1020 1914 demonstrat
1044 1838 1185 1932 oratio,
1209 1862 1249 1912 ac
1274 1839 1329 1913 di

321 1958 434 2030 cendi
459 1964 607 2054 genus?
632 1957 734 2086 Quid
757 1979 845 2052 ergo
863 1953 911 2028 de
936 1929 1034 2028 isis?
1062 1949 1214 2040 Ioannis
1235 1951 1323 2030 Tra

321 2076 481 2163 etatum,
504 2067 564 2166 qui
601 2068 684 2140 de
671 2070 746 2142 istis
770 2086 866 2140 recte
892 2061 1075 2158 iudicium
1086 2067 1248 2160 proferte
1263 2089 1327 2140 vo-

319 2189 425 2278 lunt,
448 2207 557 2282 quem
570 2184 721 2260 summis
745 2179 909 2263 laudibus
934 2201 1203 2280 prosequuntur
1215 2184 1327 2283 ,ho-

318 2298 498 2404 stibusque
512 2317 707 2391 opponunt
716 2295 897 2404 Nierteses
915 2296 1137 2389 Ghelaieusis
1161 2319 1198 2378 et
1215 2299 1326 2398 ,Lam-

322 2407 533 2506 pennensis,
556 2438 623 2487 nec
647 2438 725 2486 non
741 2409 796 2486 his
820 2429 1023 2486 coaetaneus
1048 2409 1240 2516 Gregorius
1249 2411 1324 2488 De-

323 2527 414 2626 gha,
437 2525 534 2618 ptius
558 2550 600 2600 ea
614 2563 638 2618 ,ι
660 2550 729 2623 qua
752 2549 826 2615 par.¹
848 2544 920 2616 est,
952 2531 1161 2609 attentione,
1174 2533 1323 2625 legant,

323 2641 601 2738 perlegantq'ue3
638 2661 713 2735 quo
738 2639 824 2713 duas
859 2639 1112 2735 hypostatice
1100 2665 1139 2714 ιιι
1173 2641 1344 2718 Christo-

323 2751 441 2824 unitas
466 2770 606 2824 naturas
620 2751 837 2828 orthodoxis
862 2751 935 2828 Pu·
947 2738 1323 2851 chalcedonensium

323 2888 345 2937 a
352 2849 498 2960 quibus
530 2884 722 2960 nunquam
734 2862 904 2962 deflexit,
943 2867 1116 2948 inhaerens
1140 2865 1324 2948 definitio-

320 2975 446 3068 nibus,
458 2976 599 3067 asserit,
624 2973 804 3069 defendit,
820 2999 1044 3081 propugnat.
1071 2979 1190 3083 Quare
1206 3005 1319 3081 quum

321 3087 500 3163 'catholica
519 3083 706 3161 Ozniensis
730 3088 893 3168 doctrina
918 3116 954 3170 et
982 3093 1077 3173 fama
1101 3123 1200 3174 nunc
1223 3115 1337 3172 extra

323 3221 475 3276 omnem
501 3195 733 3274 dubitationis
760 3208 874 3281 aleam
892 3191 1016 3298 posite
1040 3210 1135 3302 sint;
1158 3204 1319 3310 quinimo

320 3311 432 3412 quum
459 3311 575 3388 modo
600 3313 862 3400 evidentissime
887 3337 924 3395 et
945 3323 1159 3400 solidissime
1183 3322 1323 3397 evincat

323 3428 460 3530 Auctor
475 3427 582 3523 hujus
590 3421 836 3527 Compendii,
860 3456 990 3510 verum
996 3427 1115 3512 etiam
1130 3436 1323 3536 insignium

322 3537 502 3617 Ar‘menite
526 3541 732 3622 Doctorum
758 3545 1041 3647 sanctorumque
1067 3550 1212 3627 Pattum
1235 3547 1318 3623 albo
1400 3561 1401 3566 ’

321 3652 593 3734 adscribendum
604 3681 680 3744 esse
695 3687 705 3750 3
720 3654 906 3752 reliquum
921 3680 977 3736 est
1000 3679 1041 3735 ut
1061 3685 1160 3739 nunc
1175 3661 1327 3755 deeius

321 3759 494 3842 Oratione
509 3768 678 3846 adver—stu
691 3771 941 3870 Φαιιιισιιιςιίς
975 3776 1321 3856 breviterdicamus.
