2994 4454
809 269 866 353 ba

340 411 502 490 naturam
525 413 617 492 dicra'
639 435 741 510 stant,
767 419 905 514 etqua
929 413 1129 496 secundtlm
1156 393 1331 490 unionem

339 527 482 626 ratione
507 532 665 628 prolata:
692 531 816 634 Sicque
842 527 984 632 clariori
1009 527 1246 629 intelligentia
1271 535 1332 617 po-

340 637 422 718 teris
437 643 743 736 comprehendere
758 667 949 744 utrumque
960 667 1115 746 ¹sensum
1139 641 1333 718 verborum

337 753 576 847 scriptorum·
610 755 752 838 Idcirco
777 753 982 837 mirandum
1014 753 1151 854 subiit,
1166 747 1334 854 amplissi·
1411 743 1416 763 “

338 893 399 942 me
426 867 577 965 Praesul,
601 869 688 945 tanti
714 867 782 943 viri
806 867 1023 944 inculmine
1049 863 1225 968 dignitatis
1248 883 1351 958 con-³

337 978 476 1077 sabuti,
503 979 587 1088 fidei
612 981 783 1075 vindicis,
808 1007 954 1058 morum
980 985 1148 1084 gravitate
1173 995 1212 1052 et
1227 969 1335 1074 pieta·

339 1113 373 1170 te
398 1093 603 1190 conspicui,
635 1092 819 1170 catholicis
840 1093 1046 1171 veritatibus
1078 1089 1333 1196 perfectissime

338 1195 463 1302 docti,
488 1206 640 1306 denique
667 1232 747 1280 non
773 1209 943 1285 Armenae
966 1210 1113 1303 solum,
1137 1204 1201 1280 sed
1223 1205 1331 1280 torus

335 1317 444 1394 etiarn
467 1315 662 1396 Orientalis
689 1337 726 1392 ct
750 1318 988 1394 Occidentalis
1008 1309 1175 1394 ⁴Ecclesiae
1199 1316 1334 1397 decoris

336 1449 442 1528 atque
469 1428 641 1522 prasidii,
676 1425 769 1506 lianc
794 1430 1135 1526 locupletissimam,
1158 1431 1334 1508 numeris·

336 1567 405 1642 que
439 1539 624 1626 omnibus
651 1543 850 1621 absolutam
875 1543 1157 1618 lucubrationem
1197 1543 1236 1634 in
1273 1543 1334 1620 ali·

281 1692 284 1700 ·
336 1675 445 1756 quam
468 1655 853 1758 suspicionemvenir'e
869 1655 1049 1746 potuisse.
1062 1654 1115 1730 Ex
1131 1655 1196 1731 hae
1207 1653 1304 1730 enirn
1322 1709 1336 1748 ,

335 1766 434 1867 quasi
456 1793 503 1848 ex
528 1795 650 1871 ungue
674 1773 849 1864 leonem,
887 1767 1127 1870 unusquisque
1152 1766 1207 1840 cui
1232 1792 1335 1857 mens

339 1906 421 1959 non
444 1881 530 1959 laeva
545 1885 610 1978 sit,
624 1882 835 1984 dignoscere
859 1903 998 1976 potest,
1021 1891 1193 1982 quantum
1214 1875 1337 1980 nostra

336 1993 563 2091 interessset,
587 1998 616 2072 si
644 1995 729 2099 quid
752 1997 836 2096 quid
855 1991 1129 2088 praestantissimi
1154 1991 1259 2089 hujus
1272 1991 1335 2071 Pa-

338 2107 398 2183 tris
422 2107 461 2185 in
474 2107 656 2185 codicibus
674 2109 793 2186 adhuc
817 2108 960 2185 ineditis
986 2109 1089 2203 later,
1113 2107 1149 2182 in
1177 2107 1336 2204 apricaun

337 2219 560 2312 proferatur.
590 2219 669 2300 Nec
690 2219 767 2296 sine
793 2220 956 2297 laudibus
982 2239 1019 2295 et
1046 2220 1135 2321 grati
1158 2223 1270 2297 animi
1293 2224 1336 2300 si-

338 2332 566 2438 gnificaa'one
592 2329 857 2426 praetereundus
887 2352 943 2408 est
965 2333 1049 2422 Μ-
1074 2335 1238 2428 Baptista
1265 2335 1334 2440 ¹bu·

336 2449 423 2525 cher
447 2447 548 2526 labor
573 2449 736 2542 impense
761 2464 926 2543 recteque
954 2469 1137 2541 susceptus
1177 2450 1215 2528 in
1241 2449 1336 2530 Lati.

338 2585 427 2636 num
452 2582 497 2637 ex
522 2561 686 2650 mmeno
712 2559 884 2660 idiomate
923 2557 1156 2638 transferendi
1182 2560 1336 2640 Oznien-
1388 2641 1390 2646 ,

262 2753 265 2760 ,
338 2673 383 2748 sis
408 2673 555 2750 doctam
593 2677 685 2751 hanc
709 2670 994 2771 uberrimamque
1017 2674 1335 2776 Dissertationcm,

337 2791 486 2882 eamque
522 2788 670 2864 eruditis
704 2783 895 2862 hincinde
928 2785 1219 2878 adnotationibus
1237 2789 1331 2868 ‘'illu.

338 2897 486 2972 strandi.
954 2893 956 2898 ’
1141 2939 1142 2944 ,

389 3011 478 3108 Qua
503 3035 615 3110 quum
636 3009 685 3082 ira
709 3007 797 3098 sint,
821 3026 861 3083 ut
886 3013 965 3086 vela
990 3021 1136 3097 tandem
1163 3001 1331 3100 orationis

339 3124 576 3214 contraham,
598 3118 771 3218 quoniam
796 3143 877 3196 vasa
901 3127 972 3218 jam
998 3128 1071 3224 jam
1097 3132 1267 3236 colligens
1291 3133 1335 3213 ad

338 3234 545 3328 proximum
578 3231 777 3310 ineundum
802 3233 907 3336 iter,
929 3241 958 3318 si
996 3241 1080 3324 Deo
1112 3251 1248 3344 placer,
1283 3246 1336 3324 in·

338 3368 495 3444 creptum
519 3369 726 3424 sermonem
751 3353 919 3452 prosequi
943 3355 1145 3455 impediam
1178 3361 1239 3442 ribi
1263 3384 1337 3439 ma

337 3461 527 3553 leOpelC
554 3464 712 3563 grandior
724 3517 737 3556 5
767 3457 874 3538 ΙΠ.ωε
890 3493 931 3544 ac
955 3469 1068 3551 Rhana
1090 3469 1335 3568 Amhstpisco.
1437 3517 1439 3522 ·

338 3597 406 3667 Pe,
429 3599 597 3675 magnam
624 3593 657 3649 tc
685 3573 834 3674 gloriam
871 3580 1097 3665 Monosten'o
1133 3602 1225 3686 tuo,
1260 3611 1337 3664 ma·
1385 3660 1389 3666 .

339 3708 456 3779 gmrm·
486 3688 565 3792 tuis
591 3683 776 3766 Monachis
810 3690 1024 3793 honorem,
1058 3719 1241 3803 magnum
1272 3701 1337 3776 tibi

341 3817 480 3874 nomen
506 3801 706 3898 peperisse,
740 3801 831 3884 'dum
856 3807 1045 3896 consilium
1077 3821 1211 3912 cupisti
1236 3811 1337 3898 exhi-
